<record><leader>00000cas a2200000 a 4500</leader><controlfield tag="001">11377684</controlfield><controlfield tag="008">841113d18841895ksuwr ne      0   a0eng d</controlfield><datafield ind1=" " ind2=" " tag="010"><subfield code="a">sn 84030016 </subfield></datafield><datafield ind1=" " ind2=" " tag="040"><subfield code="a">KSH</subfield><subfield code="b">eng</subfield><subfield code="c">KSH</subfield><subfield code="d">NPT</subfield><subfield code="d">OCL</subfield><subfield code="d">OCLCQ</subfield></datafield><datafield ind1=" " ind2=" " tag="042"><subfield code="a">msc</subfield></datafield><datafield ind1="0" ind2="4" tag="245"><subfield code="a">The Hill City reveille.</subfield></datafield><datafield ind1="1" ind2="3" tag="246"><subfield code="a">Hill City reveille and Hill City democrat</subfield><subfield code="f">Jan. 30-Feb. 6, 1891</subfield></datafield><datafield ind1="1" ind2="3" tag="246"><subfield code="a">Hill City reveille and people's advocate</subfield><subfield code="f">Apr. 11, 1895</subfield></datafield><datafield ind1=" " ind2=" " tag="260"><subfield code="a">Hill City, Kan. :</subfield><subfield code="b">W.R. Hill,</subfield><subfield code="c">1884-1895.</subfield></datafield><datafield ind1=" " ind2=" " tag="300"><subfield code="a">11 v. :</subfield><subfield code="b">ill. ;</subfield><subfield code="c">51-60 cm.</subfield></datafield><datafield ind1=" " ind2=" " tag="310"><subfield code="a">Weekly,</subfield><subfield code="b">Apr. 20, 1891-Apr. 11, 1895</subfield></datafield><datafield ind1=" " ind2=" " tag="321"><subfield code="a">Weekly,</subfield><subfield code="b">Aug. 8, 1884-Feb. 23, 1889</subfield></datafield><datafield ind1=" " ind2=" " tag="321"><subfield code="a">Semiweekly,</subfield><subfield code="b">Mar. 2-Apr. 13, 1889</subfield></datafield><datafield ind1="0" ind2=" " tag="362"><subfield code="a">Vol. 1, no. 1 (Aug. 8, 1884)-v. 11, no. 41 (Apr. 11, 1895).</subfield></datafield><datafield ind1=" " ind2=" " tag="500"><subfield code="a">Publisher varies.</subfield></datafield><datafield ind1=" " ind2=" " tag="500"><subfield code="a">"Ready to advocate the principles of the Republican party and advance the cause of prohibition."</subfield></datafield><datafield ind1=" " ind2=" " tag="525"><subfield code="a">Some issues have supplements.</subfield></datafield><datafield ind1=" " ind2=" " tag="752"><subfield code="a">United States</subfield><subfield code="b">Kansas</subfield><subfield code="c">Graham</subfield><subfield code="d">Hill City.</subfield></datafield><datafield ind1="0" ind2="5" tag="780"><subfield code="t">Hill City sun</subfield><subfield code="g">Apr. 20, 1889</subfield><subfield code="w">(DLC)sn 84030015</subfield></datafield><datafield ind1="0" ind2="5" tag="780"><subfield code="t">Fremont press</subfield><subfield code="g">Apr. 20, 1889</subfield><subfield code="w">(DLC)sn 84030002</subfield></datafield><datafield ind1="0" ind2="5" tag="780"><subfield code="t">Hill City democrat</subfield><subfield code="g">Jan. 30, 1891</subfield><subfield code="w">(DLC)sn 84030005</subfield></datafield><datafield ind1="0" ind2="5" tag="780"><subfield code="t">Hill City news (Hill City, Kan.)</subfield><subfield code="g">Jan. 10, 1895</subfield><subfield code="w">(DLC)sn 84030036</subfield></datafield><datafield ind1="0" ind2="7" tag="785"><subfield code="t">People's advocate (Hill City, Kan.)</subfield><subfield code="w">(DLC)sn 84030012</subfield></datafield><datafield ind1="0" ind2="7" tag="785"><subfield code="t">People's reveille</subfield><subfield code="w">(DLC)sn 84030017</subfield></datafield></record>